<collection xmlns="http://www.loc.gov/MARC21/slim">
<record>
  <leader>01195nam0a22002171i 450 </leader>
  <controlfield tag="001">IT\ICCU\CNCE\074627</controlfield>
  <controlfield tag="005">20090922000000.0</controlfield>
  <datafield tag="012" ind1=" " ind2=" ">
    <subfield code="a">o.el u,r- o-to line (C) 1596 (R)</subfield>
    <subfield code="2">fei</subfield>
  </datafield>
  <datafield tag="100" ind1=" " ind2=" ">
    <subfield code="a">20090922d1596        0itac0103    ba</subfield>
  </datafield>
  <datafield tag="101" ind1=" " ind2=" ">
    <subfield code="a">ITA</subfield>
  </datafield>
  <datafield tag="102" ind1=" " ind2=" ">
    <subfield code="a">IT</subfield>
  </datafield>
  <datafield tag="200" ind1="1" ind2=" ">
    <subfield code="a">Oratione dell&apos; illustris. et reuer.mo signore, il signor Germanico marchese Malaspina vescouo di San Seuero, noncio apostolico al serenissimo re, et regno di Polonia, nella regal Congregatione della citt ̉di Uarsouia\!!, di douer vnirsi in Lega, con gl&apos; altri prencepi christiani contra il Gran Turco</subfield>
  </datafield>
  <datafield tag="210" ind1=" " ind2=" ">
    <subfield code="a">Stampata in Cracouia</subfield>
    <subfield code="d">et ristampata in Verona</subfield>
    <subfield code="c">per Francesco dalle Donne</subfield>
    <subfield code="d">&amp; Scipione Vargnano suo genero</subfield>
    <subfield code="d">1596</subfield>
  </datafield>
  <datafield tag="215" ind1=" " ind2=" ">
    <subfield code="a">\18! c.</subfield>
    <subfield code="c">ill.</subfield>
    <subfield code="d">4́ʻ</subfield>
  </datafield>
  <datafield tag="300" ind1=" " ind2=" ">
    <subfield code="a">ANNULLATA  !!!!  vedi 52240Marca (V536) sul front. -  Segn.: A - Ćþ D́œ</subfield>
  </datafield>
  <datafield tag="620" ind1=" " ind2=" ">
    <subfield code="a">IT</subfield>
    <subfield code="d">Verona</subfield>
  </datafield>
  <datafield tag="700" ind1=" " ind2="1">
    <subfield code="a">Malaspina,</subfield>
    <subfield code="b">Germanico</subfield>
    <subfield code="3">IT\ICCU\CNCA\016377</subfield>
  </datafield>
  <datafield tag="712" ind1="0" ind2="0">
    <subfield code="a">Dalle_Donne, Francesco &amp; Vargnano, Scipione</subfield>
    <subfield code="3">IT\ICCU\CNCT\000297</subfield>
    <subfield code="4">650</subfield>
  </datafield>
  <datafield tag="791" ind1="0" ind2="0">
    <subfield code="a">Vargnano, Scipione</subfield>
    <subfield code="3">IT\ICCU\CNCT\000298</subfield>
    <subfield code="z">Dalle_Donne, Francesco &amp; Vargnano, Scipione</subfield>
  </datafield>
  <datafield tag="801" ind1=" " ind2="3">
    <subfield code="a">IT</subfield>
    <subfield code="b">ICCU</subfield>
    <subfield code="c">20201115</subfield>
  </datafield>
  <datafield tag="899" ind1=" " ind2=" ">
    <subfield code="a">Biblioteca nazionale Vittorio Emanuele III. Napoli</subfield>
    <subfield code="1">NA0079</subfield>
    <subfield code="2">NAP BN</subfield>
  </datafield>
</record>
</collection>
